@inproceedings{deep_representation_graph_clustering,
 author = {Tian, Fei and Gao, Bin and Cui, Qing and Chen, Enhong and Liu, Tie-Yan},
 title = {Learning Deep Representations for Graph Clustering},
 booktitle = {Proceedings of the Twenty-Eighth AAAI Conference on Artificial Intelligence},
 series = {AAAI'14},
 year = {2014},
 location = {Qu\&\#233;bec City, Qu\&\#233;bec, Canada},
 pages = {1293--1299},
 numpages = {7},
 url = {http://dl.acm.org/citation.cfm?id=2893873.2894074},
 acmid = {2894074},
 publisher = {AAAI Press},
}

@article{structural_attribute_similarity_clustering,
	author = {Zhou, Yang and Cheng, Hong and Yu, Jeffrey Xu},
	title = {Graph Clustering Based on Structural/Attribute Similarities},
	journal = {Proc. VLDB Endow.},
	issue_date = {August 2009},
	volume = {2},
	number = {1},
	month = aug,
	year = {2009},
	issn = {2150-8097},
	pages = {718--729},
	numpages = {12},
	url = {https://doi.org/10.14778/1687627.1687709},
	doi = {10.14778/1687627.1687709},
	acmid = {1687709},
	publisher = {VLDB Endowment},
} 

@article{community_detection,
	title={Community detection with graph neural networks},
	author={Bruna, Joan and Li, X},
	journal={stat},
	volume={1050},
	pages={27},
	year={2017}
}

@inproceedings{parallel_graph_algorithm,
	title={A Parallel Graph Algorithm for Detecting Mesh Singularities in Distributed Memory Ice Sheet Simulations},
	author={Bogle, Ian and Devine, Karen and Perego, Mauro and Rajamanickam, Sivasankaran and Slota, George M},
	booktitle={Proceedings of the 48th International Conference on Parallel Processing},
	pages={1},
	year={2019},
	organization={ACM}
}

@article{semi_supervised_graph_clustering,
	title={Semi-supervised graph clustering: a kernel approach},
	author={Kulis, Brian and Basu, Sugato and Dhillon, Inderjit and Mooney, Raymond},
	journal={Machine learning},
	volume={74},
	number={1},
	pages={1--22},
	year={2009},
	publisher={Springer}
}

@inproceedings{kernel_kmeans,
	author = {Dhillon, Inderjit S. and Guan, Yuqiang and Kulis, Brian},
	title = {Kernel K-means: Spectral Clustering and Normalized Cuts},
	booktitle = {Proceedings of the Tenth ACM SIGKDD International Conference 
	on Knowledge Discovery and Data Mining},
	series = {KDD '04},
	year = {2004},
	isbn = {1-58113-888-1},
	location = {Seattle, WA, USA},
	pages = {551--556},
	numpages = {6},
	url = {http://doi.acm.org/10.1145/1014052.1014118},
	doi = {10.1145/1014052.1014118},
	acmid = {1014118},
	publisher = {ACM},
	address = {New York, NY, USA},
	keywords = {graph partitioning, kernel k-means, spectral clustering},
}

@misc{osm,
  title = {{OpenStreetMap}},
  howpublished = {\url{https://www.openstreetmap.org}}
}

@misc{geo_dl_server,
  title = {{Geofabrik Download Server}},
  howpublished = {\url{https://download.geofabrik.de}}
}

@misc{castl,
  title = {{Computer Architecture and Systems Research Laboratory (CASTL)}},
  howpublished = {\url{https://castl.cs.fsu.edu}}
}
